<?xml version="1.0" encoding="UTF-8"?>
<Document xmlns="urn:iso:std:iso:20022:tech:xsd:camt.053.001.04">
    <BkToCstmrStmt>
        <GrpHdr>
            <MsgId>2024032828412791</MsgId>
            <CreDtTm>2024-03-28T07:12:16</CreDtTm>
            <MsgPgntn>
                <PgNb>1</PgNb>
                <LastPgInd>true</LastPgInd>
            </MsgPgntn>
        </GrpHdr>
        <Stmt>
            <Id>2024032828412791</Id>
            <ElctrncSeqNb>28</ElctrncSeqNb>
            <CreDtTm>2024-03-28T07:12:16</CreDtTm>
            <FrToDt>
                <FrDtTm>2024-03-27T00:00:00</FrDtTm>
                <ToDtTm>2024-03-27T23:59:59</ToDtTm>
            </FrToDt>
            <Acct>
                <Id>
                    <IBAN>CH2700000000000000000</IBAN>
                </Id>
                <Ccy>CHF</Ccy>
                <Ownr>
                    <Nm>Elternkreis Govikon</Nm>
                    <PstlAdr>
                        <AdrLine>0000 Govikon</AdrLine>
                    </PstlAdr>
                </Ownr>
                <Svcr>
                    <FinInstnId>
                        <BICFI>VABECH22XXX</BICFI>
                        <Nm>Valiant Bank AG</Nm>
                    </FinInstnId>
                </Svcr>
            </Acct>
            <Bal>
                <Tp>
                    <CdOrPrtry>
                        <Cd>OPBD</Cd>
                    </CdOrPrtry>
                </Tp>
                <Amt Ccy="CHF">14789.81</Amt>
                <CdtDbtInd>CRDT</CdtDbtInd>
                <Dt>
                    <Dt>2024-03-26</Dt>
                </Dt>
            </Bal>
            <Bal>
                <Tp>
                    <CdOrPrtry>
                        <Cd>CLBD</Cd>
                    </CdOrPrtry>
                </Tp>
                <Amt Ccy="CHF">16137.81</Amt>
                <CdtDbtInd>CRDT</CdtDbtInd>
                <Dt>
                    <Dt>2024-03-27</Dt>
                </Dt>
            </Bal>
            <TxsSummry>
                <TtlNtries>
                    <NbOfNtries>22</NbOfNtries>
                    <Sum>1398</Sum>
                    <TtlNetNtry>
                        <Amt>1348</Amt>
                        <CdtDbtInd>CRDT</CdtDbtInd>
                    </TtlNetNtry>
                </TtlNtries>
                <TtlCdtNtries>
                    <NbOfNtries>21</NbOfNtries>
                    <Sum>1373</Sum>
                </TtlCdtNtries>
                <TtlDbtNtries>
                    <NbOfNtries>1</NbOfNtries>
                    <Sum>25</Sum>
                </TtlDbtNtries>
                <TtlNtriesPerBkTxCd>
                    <NbOfNtries>1</NbOfNtries>
                    <Sum>25</Sum>
                    <TtlNetNtry>
                        <Amt>25</Amt>
                        <CdtDbtInd>DBIT</CdtDbtInd>
                    </TtlNetNtry>
                    <BkTxCd>
                        <Domn>
                            <Cd>PMNT</Cd>
                            <Fmly>
                                <Cd>ICDT</Cd>
                                <SubFmlyCd>OTHR</SubFmlyCd>
                            </Fmly>
                        </Domn>
                    </BkTxCd>
                </TtlNtriesPerBkTxCd>
                <TtlNtriesPerBkTxCd>
                    <NbOfNtries>21</NbOfNtries>
                    <Sum>1373</Sum>
                    <TtlNetNtry>
                        <Amt>1373</Amt>
                        <CdtDbtInd>CRDT</CdtDbtInd>
                    </TtlNetNtry>
                    <BkTxCd>
                        <Domn>
                            <Cd>PMNT</Cd>
                            <Fmly>
                                <Cd>RCDT</Cd>
                                <SubFmlyCd>VCOM</SubFmlyCd>
                            </Fmly>
                        </Domn>
                    </BkTxCd>
                </TtlNtriesPerBkTxCd>
            </TxsSummry>
            <Ntry>
                <Amt Ccy="CHF">101</Amt>
                <CdtDbtInd>CRDT</CdtDbtInd>
                <RvslInd>false</RvslInd>
                <Sts>BOOK</Sts>
                <BookgDt>
                    <Dt>2024-03-27</Dt>
                </BookgDt>
                <ValDt>
                    <Dt>2024-03-27</Dt>
                </ValDt>
                <BkTxCd>
                    <Domn>
                        <Cd>PMNT</Cd>
                        <Fmly>
                            <Cd>RCDT</Cd>
                            <SubFmlyCd>VCOM</SubFmlyCd>
                        </Fmly>
                    </Domn>
                </BkTxCd>
                <NtryDtls>
                    <Btch>
                        <NbOfTxs>1</NbOfTxs>
                        <TtlAmt Ccy="CHF">101</TtlAmt>
                        <CdtDbtInd>CRDT</CdtDbtInd>
                    </Btch>
                </NtryDtls>
                <AddtlNtryInf>Gutschrift QRR
                    094044869197312929630369254</AddtlNtryInf>
            </Ntry>
            <Ntry>
                <Amt Ccy="CHF">168</Amt>
                <CdtDbtInd>CRDT</CdtDbtInd>
                <RvslInd>false</RvslInd>
                <Sts>BOOK</Sts>
                <BookgDt>
                    <Dt>2024-03-27</Dt>
                </BookgDt>
                <ValDt>
                    <Dt>2024-03-27</Dt>
                </ValDt>
                <BkTxCd>
                    <Domn>
                        <Cd>PMNT</Cd>
                        <Fmly>
                            <Cd>RCDT</Cd>
                            <SubFmlyCd>VCOM</SubFmlyCd>
                        </Fmly>
                    </Domn>
                </BkTxCd>
                <NtryDtls>
                    <Btch>
                        <NbOfTxs>1</NbOfTxs>
                        <TtlAmt Ccy="CHF">168</TtlAmt>
                        <CdtDbtInd>CRDT</CdtDbtInd>
                    </Btch>
                </NtryDtls>
                <AddtlNtryInf>Gutschrift QRR 416717412098789269137325213</AddtlNtryInf>
            </Ntry>
        </Stmt>
    </BkToCstmrStmt>
</Document>